@inproceedings{DBLP:conf/siggraph/CurlessL96,
  author    = {Brian Curless and
               Marc Levoy},
  title     = {A Volumetric Method for Building Complex Models from Range Images},
  booktitle = {Proceedings of the 23rd Annual Conference on Computer Graphics and
               Interactive Techniques, {SIGGRAPH} 1996, New Orleans, LA, USA, August
               4-9, 1996},
  pages     = {303--312},
  year      = {1996}
}

@inproceedings{DBLP:conf/icra/WhelanJKLM13,
  author    = {Thomas Whelan and
               Hordur Johannsson and
               Michael Kaess and
               John J. Leonard and
               John McDonald},
  title     = {Robust real-time visual odometry for dense {RGB-D} mapping},
  booktitle = {2013 {IEEE} International Conference on Robotics and Automation, Karlsruhe,
               Germany, May 6-10, 2013},
  pages     = {5724--5731},
  year      = {2013}
}

@inproceedings{Whelan2013Deformation,
  title={Deformation-based loop closure for large scale dense RGB-D SLAM},
  author={Whelan, T and Kaess, M and Leonard, J. J and Mcdonald, J},
  booktitle={Ieee/rsj International Conference on Intelligent Robots and Systems},
  pages={548-555},
  year={2013},
}

@inproceedings{Wurm2010OctoMap,
  title={OctoMap: A Probabilistic, Flexible, and Compact 3D Map Representation for Robotic Systems},
  author={Wurm, K M and Hornung, A. and Bennewitz, M. and Stachniss, C. and Burgard, W.},
  booktitle={Proc. of the ICRA Workshop on Best Practice in 3D Perception and Modeling for Mobile Manipulation},
  year={2010},
}

@article{Tanimoto2004IEEE,
  title={IEEE Transactions on Pattern Analysis and Machine Intelligence},
  author={Tanimoto, S. L},
  journal={IEEE Transactions on Pattern Analysis \& Machine Intelligence},
  volume={26},
  number={1},
  pages={c1-c1},
  year={2004},
}

@article{Chen1992Object,
  title={Object modelling by registration of multiple range images},
  author={Chen, Yang and Medioni, GÃ©rard},
  journal={Image \& Vision Computing},
  volume={10},
  number={3},
  pages={145-155},
  year={1992},
}

@article{DBLP:journals/pami/BeslM92,
  author    = {Paul J. Besl and
               Neil D. McKay},
  title     = {A Method for Registration of 3-D Shapes},
  journal   = {{IEEE} Trans. Pattern Anal. Mach. Intell.},
  volume    = {14},
  number    = {2},
  pages     = {239--256},
  year      = {1992},
  url       = {https://doi.org/10.1109/34.121791},
  doi       = {10.1109/34.121791},
  timestamp = {Wed, 17 May 2017 10:56:23 +0200},
  biburl    = {https://dblp.org/rec/bib/journals/pami/BeslM92},
  bibsource = {dblp computer science bibliography, https://dblp.org}
}


@inproceedings{DBLP:conf/rss/KlingensmithDSX15,
  author    = {Matthew Klingensmith and
               Ivan Dryanovski and
               Siddhartha Srinivasa and
               Jizhong Xiao},
  title     = {Chisel: Real Time Large Scale 3D Reconstruction Onboard a Mobile Device
               using Spatially Hashed Signed Distance Fields},
  booktitle = {Robotics: Science and Systems XI, Sapienza University of Rome, Rome,
               Italy, July 13-17, 2015},
  year      = {2015}
}

@BOOK{li,
	EDITOR		= {Li, Tao and Mitsunori, Ogihara and Tzanetakis, George},
	TITLE		= {Music Data Mining},
	PUBLISHER	= {CRC Press},
	YEAR		= {2012}
}

@inproceedings{DBLP:conf/mm/YangLC06,
	author    = {Yi{-}Hsuan Yang and
              	Chia Chu Liu and
            	Homer H. Chen},
	title     = {Music emotion classification: a fuzzy approach},
	booktitle = {Proceedings of 14th {ACM} International Conference on Multimedia},
	pages     = {81--84},
	year      = {2006}
}

@article{DBLP:journals/mta/HanRJH10,
	author    = {Byeong{-}jun Han and
	             Seungmin Rho and
	             Sanghoon Jun and
	             Eenjun Hwang},
	title     = {Music emotion classification and context-based music recommendation},
	journal   = {Multimedia Tools and Applications},
	volume    = {47},
	number    = {3},
	pages     = {433--460},
	year      = {2010}
}

@article{Bradley1968Affective,
  title={Affective Norms for English Words (ANEW): Instruction Manual and Affective Ratings},
  author={Bradley, Margaret M. and Lang, Peter J.},
  journal={Journal Royal Microscopical Society},
  volume={88},
  number={1},
  pages={630-634},
  year={1968},
}

@article{Russell1980,
  title={A Circumplex Model of Affect},
  author={Russell, J. A.},
  journal={Journal of Personality and Social Psychology},
  volume={39},
  number={6},
  pages={1161-1178},
  year={1980},
}

@techreport{smolensky1986information,
  title={Information processing in dynamical systems: Foundations of harmony theory},
  author={Smolensky, Paul},
  year={1986},
  institution={DTIC Document}
}

@article{DBLP:journals/taslp/TzanetakisC02,
	author    = {George Tzanetakis and
	             Perry R. Cook},
	title     = {Musical genre classification of audio signals},
	journal   = {{IEEE} Transations on Speech and Audio Processing},
	volume    = {10},
	number    = {5},
	pages     = {293--302},
	year      = {2002}
}

@article{Mckinney2003Features,
  title={Features for Audio and Music Classification},
  author={Mckinney, Martin F. and Breebaart, Jeroen and Prof Holstlaan (wy},
  journal={Proceedings of 2003 International Symposium on Music Information Retrieval},
  pages={151--158},
  year={2003},
}

@inproceedings{DBLP:conf/ismir/LiM03,
	author    = {Tao Li and
	             Mitsunori Ogihara},
	title     = {Detecting emotion in music},
	booktitle = {Proceedings of 4th International Society for Music Information Retrieval Conference},
	year      = {2003}
}

@inproceedings{Yang2004Disambiguating,
  title={Disambiguating Music Emotion Using Software Agents.},
  author={Yang, Dan and Lee, Won Sook and Yang, Dan and Lee, Won Sook},
  booktitle={ISMIR 2004, 5th International Conference on Music Information Retrieval, Barcelona, Spain, October 10-14, 2004, Proceedings},
  pages={10--14},
  year={2004},
}

@inproceedings{Aucouturier2004Improving,
  title={Improving Timbre Similarity: How high's the sky?},
  author={Aucouturier, Jean Julien and Pachet, Francois},
  booktitle={Results in Speech and Audio Sciences},
  pages={2004},
  year={2004},
}

@phdthesis{streich2006music,
  title={Music complexity: a multi-faceted description of audio content},
  author={Streich, Sebastian},
  year={2006},
  school={Universitat Pompeu Fabra}
}

@article{DBLP:journals/taslp/LuLZ06,
	author    = {Lie Lu and
	Dan Liu and
	HongJiang Zhang},
	title     = {Automatic mood detection and tracking of music audio signals},
	journal   = {{IEEE} Transactions on Audio, Speech {\&} Language Processing},
	volume    = {14},
	number    = {1},
	pages     = {5--18},
	year      = {2006}
}

@article{laurier2007audio,
  title={Audio music mood classification using support vector machine},
  author={Laurier, Cyril and Herrera, Perfecto and Mandel, M and Ellis, D},
  journal={MIREX task on Audio Mood Classification},
  pages={2--4},
  year={2007},
  publisher={Citeseer}
}

@inproceedings{DBLP:conf/pcm/YangLCLHC08,
	author    = {Yi{-}Hsuan Yang and
	             Yu{-}Ching Lin and
	             Heng Tze Cheng and
	             I{-}Bin Liao and
	             Yeh{-}Chin Ho and
            	 Homer H. Chen},
	title     = {Toward Multi-modal Music Emotion Classification},
	booktitle = {Proceedings of 9th Pacific Rim Conference on Multimedia},
	pages     = {70--79},
	year      = {2008}
}

@article{Trohidis2008Multi,
  title={Multi-label classification of music into emotions. ISMIR 8:325-330},
  author={Trohidis, Konstantinos and Tsoumakas, Grigorios and Kalliris, George and Vlahavas, Ioannis P.},
  journal={Eurasip Journal on Audio Speech and Music Processing},
  volume={2011},
  number={1},
  pages={325-330},
  year={2008},
}

@inproceedings{DBLP:conf/mm/MayerNR08,
	author    = {Rudolf Mayer and
	             Robert Neumayer and
	             Andreas Rauber},
	title     = {Combination of audio and lyrics features for genre classification in digital audio collections},
	booktitle = {Proceedings of 16th International Conference on Multimedia},
	pages     = {159--168},
	year      = {2008}
}

@inproceedings{DBLP:conf/icmla/LaurierGH08,
	author    = {Cyril Laurier and
    	         Jens Grivolla and
	             Perfecto Herrera},
	title     = {Multimodal Music Mood Classification Using Audio and Lyrics},
	booktitle = {Proceedings of 7th International Conference on Machine Learning and Applications},
	pages     = {688--693},
	year      = {2008}
}

@inproceedings{DBLP:conf/ismir/HuDLBE08,
	author    = {Xiao Hu and
	             J. Stephen Downie and
 	             Cyril Laurier and
	             Mert Bay and
	             Andreas F. Ehmann},
	title     = {The 2007 {MIREX} Audio Mood Classification Task: Lessons Learned},
	booktitle = {Proceedings of 9th International Conference on Music Information Retrieval},
	pages     = {462--467},
	year      = {2008}
}

@inproceedings{DBLP:conf/isica/HeJXCSZ08,
	author    = {Hui He and
                 Jianming Jin and
               	 Yuhong Xiong and
	             Bo Chen and
	             Wu Sun and
	             Ling Zhao},
	title     = {Language Feature Mining for Music Emotion Classification via Supervised Learning from Lyrics},
	booktitle = {Proceedings of 3rd International Symposium on Intelligence Computation and Applications},
	pages     = {426--435},
	year      = {2008}
}

@inproceedings{DBLP:conf/ismir/HuDE09,
	author    = {Xiao Hu and
	             J. Stephen Downie and
               	 Andreas F. Ehmann},
	title     = {Lyric Text Mining in Music Mood Classification},
	booktitle = {Proceedings of 10th International Society for Music Information Retrieval Conference},
	pages     = {411--416},
	year      = {2009}
}

@inproceedings{DBLP:conf/ismir/HuCY09,
    author    = {Yajie Hu and
                 Xiaoou Chen and
                 Deshun Yang},
    title     = {Lyric-based Song Emotion Detection with Affective Lexicon and Fuzzy Clustering Method},
    booktitle = {Proceedings of 10th International Society for Music Information Retrieval Conference},
    pages     = {123--128},
    year      = {2009}
}

@inproceedings{DBLP:journals/jmlr/SalakhutdinovH09,
    author    = {Ruslan Salakhutdinov and
                 Geoffrey E. Hinton},
    title     = {Deep Boltzmann Machines},
    booktitle = {Proceedings of 12th International Conference on Artificial Intelligence and Statistics},
    pages     = {448--455},
    year      = {2009}
}

@article{Hu2010When,
  title={When Lyrics Outperform Audio for Music Mood Classification: A Feature Analysis.},
  author={Hu, Xiao and Downie, J. Stephen},
  journal={Ismir},
  year={2010},
}

@inproceedings{DBLP:conf/ismir/HuD10,
    author    = {Xiao Hu and
                 J. Stephen Downie},
    title     = {When Lyrics Outperform Audio for Music Mood Classification: {A} Feature Analysis},
    booktitle = {Proceedings of 11th International Society for Music Information Retrieval Conference},
    pages     = {619--624},
    year      = {2010}
}

@inproceedings{Mckay2010Improving,
  title={Improving Automatic Music Classification Performance by Extracting Features from Different Types of Data},
  author={Mckay, Cory and Fujinaga, Ichiro},
  booktitle={Proceedings of 11th {ACM} {SIGMM} International Conference on Multimedia Information Retrieval},
  pages={257-266},
  year={2010},
}

@inproceedings{DBLP:conf/mir/McKayF10,
    author    = {Cory McKay and
                 Ichiro Fujinaga},
    title     = {Improving automatic music classification performance by extracting features from different types of data},
    booktitle = {Proceedings of 11th {ACM} {SIGMM} International Conference on Multimedia Information Retrieval},
    pages     = {257--266},
    year      = {2010}
}

@inproceedings{DBLP:conf/ismir/Bertin-MahieuxEWL11,
    author    = {Thierry Bertin{-}Mahieux and
                 Daniel P. W. Ellis and
                 Brian Whitman and
                 Paul Lamere},
    title     = {The Million Song Dataset},
    booktitle = {Proceedings of 12th International Society for Music Information Retrieval Conference},
    pages     = {591--596},
    year      = {2011}
}

@book{Schindler2012Capturing,
  title={Capturing the Temporal Domain in Echonest Features for Improved Classification Effectiveness},
  author={Schindler, Alexander and Rauber, Andreas},
  publisher={Springer International Publishing},
  pages={214-227},
  year={2012},
}

@book{Barthet2012Music,
  title={Music Emotion Recognition: From Content- to Context-Based Models},
  author={Barthet, Mathieu and Fazekas, GyÃ¶rgy and Sandler, Mark},
  publisher={Springer Berlin Heidelberg},
  year={2012},
}

@article{Yang2012Machine,
  title={Machine Recognition of Music Emotion: A Review},
  author={Yang, Yi Hsuan and Chen, Homer H.},
  journal={ACM Transactions on Intelligent Systems and Technology},
  volume={3},
  number={3},
  pages={338-343},
  year={2012},
}

@inproceedings{Song2013Do,
  title={Do Online Social Tags Predict Perceived Emotional Responses to Music?},
  author={Song, Yading and Dixon, Simon and Pearce, Marcus and Halpern, Andrea},
  booktitle={International Society for Music Information Retrieval Conference},
  year={2013},
}

@inproceedings{Kosta2013A,
  title={A study of cultural dependence of perceived mood in Greek music},
  author={Kosta, Katerina and Song, Yading and Fazekas, GyÃ¶rgy and Sandler, Mark B},
  booktitle={International Society for Music Information Retrieval},
  year={2013},
}

@article{DBLP:journals/jmlr/SrivastavaS14,
    author    = {Nitish Srivastava and
                 Ruslan Salakhutdinov},
    title     = {Multimodal learning with deep Boltzmann machines},
    journal   = {Journal of Machine Learning Research},
    volume    = {15},
    number    = {1},
    pages     = {2949--2980},
    year      = {2014}
}

@inproceedings{Corona2015An,
  title={An Exploration of Mood Classification in the Million Songs Dataset},
  author={Corona, Humberto and O'Mahony, Michael P},
  booktitle={Proceedings of 12th Sound and Music Computing Conference},
  year={2015},
}

@inproceedings{DBLP:conf/mmm/XueXS15,
    author    = {Hao Xue and
                 Like Xue and
                 Feng Su},
    title     = {Multimodal Music Mood Classification by Fusion of Audio and Lyrics},
    booktitle = {Proceedings of 21st International Conference on MultiMedia Modeling, Part {II}},
    pages     = {26--37},
    year      = {2015}
}

@article{Hu2016A,
  title={A framework for evaluating multimodal music mood classification},
  author={Hu, Xiao and Choi, Kahyun and Downie, J. Stephen},
  journal={Journal of the Association for Information Science and Technology},
  year={2016},
}

@inproceedings{DBLP:conf/sigir/BuckleyV00,
	author    = {Chris Buckley and
          	     Ellen M. Voorhees},
	title     = {Evaluating evaluation measure stability},
	booktitle = {Proceedings of 23rd Annual International {ACM} {SIGIR} Conference on Research and Development in Information Retrieval},
	pages     = {33--40},
	year      = {2000}
}
